! Books ----------

! Docker: Up & running
@book{Kane2018-fn,
  title     = {Docker: Up \& running},
  author    = {Kane, Sean P and Matthias, Karl},
  publisher = {O'Reilly Media},
  edition   = 2,
  month     = sep,
  year      = 2018,
  address   = {Sebastopol, CA}
}
! Docker in Action
@book{Nickoloff2022-dk,
  title     = {Docker in Action, Second Edition},
  author    = {Nickoloff, Jeff and Kuenzli, Stephen and Fisher, Bret},
  publisher = {Manning Publications},
  edition   = 2,
  month     = mar,
  year      = 2022,
  address   = {New York, NY}
}
! Docker deep dive
@book{Poulton2020-ju,
  title     = {Docker deep dive : zero to Docker in a single book},
  author    = {Poulton, Nigel},
  publisher = {Nigel Poulton},
  edition   = 2020,
  year      = 2020,
  address   = {[Germany]}
}
! Learning Docker
@book{Raj2015-ps,
  title     = {Learning Docker},
  author    = {Raj, Pethuru and Chelladhurai, Jeeva S and Singh, Vinod},
  publisher = {Packt Publishing},
  series    = {Community Experience Distilled},
  month     = jun,
  year      = 2015,
  address   = {Birmingham, England},
  language  = {en}
}
! Container security 
@book{Rice2020-kl,
  title     = {Container security},
  author    = {Rice, Liz},
  publisher = {O'Reilly Media},
  month     = apr,
  year      = 2020,
  address   = {Sebastopol, CA}
}
